@article{安晓丹2015互联网+,
  title={“互联网+” 时代的出租车资源配置},
  author={安晓丹 and 赵杰 and 章林枫 and 王济荣},
  journal={运城学院学报},
  volume={33},
  number={6},
  pages={34--37},
  year={2015}
}
@article{陈佳惠2021共享单车调度路径优化研究,
  title={共享单车调度路径优化研究},
  author={陈佳惠 and 侯宁 and 李晓璐 and 张彭 and 朱广宇},
  journal={交通科技与经济},
  volume={23},
  number={2},
  pages={13--20},
  year={2021}
}
@article{于德新2020共享单车调度模型及算法研究,
  title={共享单车调度模型及算法研究},
  author={于德新 and 张行 and 王薇 and 邢雪 and 刘珩},
  journal={重庆交通大学学报 (自然科学版)},
  volume={7},
  pages={1--7},
  year={2020}
}
@article{王涵霄2019考虑维修的共享单车调度优化研究,
  title={考虑维修的共享单车调度优化研究},
  author={王涵霄 and 董明 and 张大力},
  journal={工业工程与管理},
  volume={2},
  year={2019}
}